@book{schnorr2019a,
  author = {SCHNORR, L.M. and NESI, L.L.},
  title = {Projetando e Construindo Programas Paralelos. Anais da Escola Regional de Alto Desempenho da Região Sul},
  publisher = {},
  date = {2019},
  volume = {v},
  pages = {1–},
  language = {pt},
  address = {19ed}
}
