@book{foster1995a,
  author = {Foster, Ian},
  title = {Designing and Building Parallel Programs: Concepts and Tools for Parallel Software Engineering},
  publisher = {Addison-Wesley Longman Publishing Co., Inc},
  date = {1995},
  language = {en},
  address = {Boston, MA, USA}
}
